@online{ADALM2021,
  author  = {{Analog Devices}},
  title   = {ADALM-Pluto Datenblatt},
  year    = {2021},
  month   = {05},
  url     = {https://wiki.analog.com/university/tools/pluto/hacking/hardware},
  urldate = {2021-09-12},
}
@book{Malanowski2019,
  author    = {Malanowski, Mateusz},
  isbn      = {9781630816629},
  publisher = {Artech House},
  series    = {Artech House Radar Library},
  title     = {Signal Processing for Passive Bistatic Radar.},
  url       = {http://www.redi-bw.de/db/ebsco.php/search.ebscohost.com/login.aspx%3fdirect%3dtrue%26db%3dnlebk%26AN%3d2321918%26site%3dehost-live},
  year      = {2019},
}
@article{etsi2021136,
  title={136 211},
  author={ETSI, TS},
  journal={V16. 4.0, Feb},
  year={2021}
}
